@online{noauthor_list_nodate,
	title = {List of Figures in {LaTeX}},
	url = {https://chatgpt.com/c/67adcdd2-c90c-800c-8b14-b2ff05229044},
	urldate = {2025-02-13},
}