@online{livescience_fluid_dynamics,
  author    = {Tia Ghose},
  title     = {What is fluid dynamics?},
  year      = {2014},
  url       = {https://www.livescience.com/47446-fluid-dynamics.html},
  urldate   = {2025-03-12},
  organization = {LiveScience}
}

@article{buresti1998,
  author    = {Guido Buresti},
  title     = {Vortex shedding from bluff bodies},
  journal   = {Journal of Wind Engineering and Industrial Aerodynamics},
  year      = {1998},
  volume    = {74-76},
  pages     = {163--172},
  doi       = {10.1016/S0167-6105(98)00015-5}
}

@inproceedings{jurado2012,
  author    = {J. Á. Jurado and R. Sánchez and S. Hernández and F. Nieto and I. Kusano},
  title     = {A review of cases of vortex shedding excitation in bridges: Sectional models testing},
  booktitle = {Proceedings of the Seventh International Colloquium on Bluff Body Aerodynamics and Applications (BBAA7)},
  year      = {2012},
  address   = {Shanghai, China},
  organization = {International Association for Wind Engineering},
  url       = {https://iawe.org/Proceedings/BBAA7/J.Jurado.pdf},
  urldate   = {2025-05-04}
}

@online{tacoma_bridge_vibrations,
  author       = {Song, Donghyun and Kim, Woojin and Kwon, Oh-Kyong and Choi, Haecheon},
  title        = {Vertical and torsional vibrations before the collapse of the Tacoma Narrows Bridge in 1940},
  journal      = {Journal of Fluid Mechanics},
  year         = {2022},
  volume       = {949},
  pages        = {A11},
  doi          = {10.1017/jfm.2022.748},
  urldate      = {2025-03-18}
}

@misc{ib_physics_2025,
  title     = {IB Physics Guide 2025},
  year      = {2023},
  url       = {https://peda.net/kuopio/lukiot/lyseonlukio/ib/syllabukset/group-4-sciences/physics-2025.pdf:file/download/c56a8c8592e847bbb555540b087b0990d1ade5b0/Physics%2C%202025.pdf},
  urldate   = {2025-02-27},
  organization = {International Baccalaureate Organization}
}

@book{allum2023,
  author    = {Allum, John and Morris, Paul},
  title     = {Physics},
  edition   = {3},
  year      = {2023},
  publisher = {Hodder Education},
  address   = {London},
  isbn      = {9781398369917}
}

@book{versteeg2007,
  author    = {Versteeg, H. K. and Malalasekera, W.},
  title     = {An Introduction to Computational Fluid Dynamics: The Finite Volume Method},
  edition   = {2},
  year      = {2007},
  publisher = {Pearson Education},
  address   = {Harlow, England},
  isbn      = {9780131274983}
}

@incollection{oran2002,
  author    = {Oran, Elaine S. and Boris, Jay P.},
  title     = {Fluid Dynamics},
  booktitle = {Encyclopedia of Physical Science and Technology},
  edition   = {3},
  editor    = {Meyers, Robert A.},
  publisher = {Academic Press},
  year      = {2002},
  pages     = {31--43},
  isbn      = {9780122274107},
  doi       = {10.1016/B0-12-227410-5/00248-9},
  url       = {https://www.sciencedirect.com/science/article/pii/B0122274105002489},
  urldate   = {2025-03-06}
}

@online{mohn2024,
  author    = {Mohn, Elizabeth},
  title     = {Non-Newtonian Fluid},
  year      = {2024},
  url       = {https://www.ebsco.com/research-starters/science/non-newtonian-fluid},
  urldate   = {2025-04-30},
  organization = {EBSCO Information Services}
}

@incollection{nitsche2006_vortex,
  author    = {Nitsche, M.},
  title     = {Vortex Dynamics},
  booktitle = {Encyclopedia of Mathematical Physics},
  editor    = {Françoise, Jean-Pierre and Naber, Gregory L. and Tsou, Sheung Tsun},
  publisher = {Academic Press},
  year      = {2006},
  pages     = {390--399},
  isbn      = {9780125126663},
  doi       = {10.1016/B0-12-512666-2/00254-6},
  url       = {https://www.sciencedirect.com/science/article/pii/B0125126662002546},
  urldate   = {2025-03-09}
}

@incollection{holton2003_vorticity,
  author    = {Holton, J. R.},
  title     = {Vorticity},
  booktitle = {Encyclopedia of Atmospheric Sciences},
  editor    = {Holton, James R.},
  publisher = {Academic Press},
  year      = {2003},
  pages     = {2500--2504},
  isbn      = {9780122270901},
  doi       = {10.1016/B0-12-227090-8/00449-8},
  url       = {https://www.sciencedirect.com/science/article/pii/B0122270908004498},
  urldate   = {2025-03-11}
}

@online{nasa_reynolds,
  author    = {{NASA Glenn Research Center}},
  title     = {Reynolds Number},
  year      = {2021},
  url       = {https://www.grc.nasa.gov/www/k-12/airplane/reynolds.html},
  urldate   = {2025-05-13},
  organization = {NASA}
}

@book{navalhydro1997,
  author    = {{National Research Council}},
  title     = {Twenty-First Symposium on Naval Hydrodynamics},
  year      = {1997},
  publisher = {National Academies Press},
  location  = {Washington, D.C.},
  url       = {https://doi.org/10.17226/5870},
  urldate   = {2025-06-22}
}

@article{saldana2024_reynolds,
  author  = {Saldana, M. and Gallegos, S. and Gálvez, E. and Castillo, J. and Salinas-Rodríguez, E. and Cerecedo-Sáenz, E. and Hernández-Ávila, J. and Navarra, A. and Toro, N.},
  title   = {The Reynolds Number: A Journey from Its Origin to Modern Applications},
  journal = {Fluids},
  year    = {2024},
  volume  = {9},
  number  = {12},
  pages   = {299},
  doi     = {10.3390/fluids9120299},
  url     = {https://www.mdpi.com/2311-5521/9/12/299},
  urldate = {2025-03-15}
}

@article{choi2000strouhal,
  author  = {Choi, Chang-Koon and Kwon, Dae Kun},
  title   = {Determination of the Strouhal Number Based on the Aerodynamic Behavior of Rectangular Cylinders},
  journal = {Wind and Structures: An International Journal},
  volume  = {3},
  number  = {3},
  pages   = {209--220},
  year    = {2000},
  doi     = {10.12989/was.2000.3.3.209},
  urldate = {2025-03-20}
}

@book{green1995fluid,
  editor     = {Green, Sheldon I.},
  title      = {Fluid Vortices},
  year       = {1995},
  publisher  = {Kluwer Academic Publishers},
  location   = {Dordrecht},
  series     = {Fluid Mechanics and Its Applications},
  volume     = {30},
  isbn       = {978-94-010-4111-9},
  doi        = {10.1007/978-94-011-0249-0}
}

@article{govardhan2005karman,
  author  = {Govardhan, Raghuraman and Ramesh, On},
  title   = {A Stroll down Kármán Street},
  journal = {Resonance},
  volume  = {10},
  pages   = {25--37},
  year    = {2005},
  doi     = {10.1007/BF02866744},
  urldate = {2025-03-26}
}

@incollection{ilieva2017turbulence,
  author    = {Ilieva, Galina},
  title     = {On Turbulence and its Effects on Aerodynamics of Flow through Turbine Stages},
  booktitle = {Turbomachinery},
  publisher = {InTech},
  year      = {2017},
  doi       = {10.5772/intechopen.68205},
  isbn      = {978-953-51-3349-0},
  urldate   = {2025-03-29}
}

@video{boundaryLayerTheory_2018,
  title = {Boundary Layer Theory - Introduction},
  url = {https://www.youtube.com/watch?v=54zf68IoPWU},
  author = {{TutorialsPoint}},
  urldate = {2025-06-22},
  date = {2018-01-23}
}

@video{jeff_defoe_bluff_2020,
  title = {Bluff Body Aerodynamics, Lecture 2 part 5},
  url = {https://www.youtube.com/watch?v=9g62QkNFtlE},
  author = {{Jeff Defoe}},
  urldate = {2025-06-22},
  date = {2020-05-26}
}

@online{learneng2022_boundarylayer,
  author    = {{Learn Engineering}},
  title     = {What is Boundary Layer in Fluid Mechanics},
  year      = {2022},
  month     = {aug},
  day       = {17},
  url       = {https://www.youtube.com/watch?v=ahohd8ceGR4},
  urldate   = {2025-04-16}
}

@online{fitzpatrick2016_reynolds,
  author    = {Fitzpatrick, Richard},
  title     = {Reynolds Number},
  year      = {2016},
  month     = {mar},
  day       = {31},
  url       = {https://farside.ph.utexas.edu/teaching/336L/Fluidhtml/node116.html},
  urldate   = {2025-05-20},
  organization = {University of Texas at Austin}
}

@online{erau_boundarylayer,
  author    = {{Embry-Riddle Aeronautical University}},
  title     = {Introduction to Boundary Layers},
  year      = {n.d.},
  url       = {https://eaglepubs.erau.edu/introductiontoaerospaceflightvehicles/chapter/introduction-to-boundary-layers/},
  urldate   = {2025-05-22},
  organization = {EaglePubs Open Educational Resources}
}

@inproceedings{shen2010_vortexmeter,
  author    = {Shen, Hui-Min and Fu, Xin and Chen, Jiao-Dan and Ye, Peng},
  title     = {Development of a vortex flowmeter with good performance at low‐flowrate},
  booktitle = {Proceedings of the 15th International Flow Measurement Conference (FLOMEKO)},
  year      = {2010},
  month     = {oct},
  address   = {Taipei, Taiwan},
  pages     = {1--6},
  url       = {https://www.imeko.org/publications/tc9-2010/IMEKO-TC9-2010-017.pdf},
  urldate   = {2025-04-02},
  organization = {IMEKO}
}

@article{rocchi2002_vortex,
  author  = {Rocchi, D. and Zasso, A.},
  title   = {Vortex shedding from a circular cylinder in a smooth and wired configuration: Comparison between 3D LES simulation and experimental analysis},
  journal = {Journal of Wind Engineering and Industrial Aerodynamics},
  year    = {2002},
  volume  = {90},
  number  = {4--5},
  pages   = {475--489},
  issn    = {0167-6105},
  doi     = {10.1016/S0167-6105(01)00203-3},
  url     = {https://www.sciencedirect.com/science/article/pii/S0167610501002033},
  urldate = {2025-04-07}
}

@video{comflics_openfoam_2014,
  title = {{OpenFOAM} Tutorial \#4 - Laminar Vortex Shedding},
  url = {https://www.youtube.com/watch?v=ylZQXiEdYYo},
  abstract = {Simulation of Laminar flow around a circular cylinder.
• o-grid type mesh • {forceCoeff}: Coefficients of Lift and Drag • Vortex shedding frequency • Validate with experimental results},
  author = {{comflics}},
  urldate = {2025-06-22},
  date = {2014-08-27}
}

@online{noauthor_ansys_nodate,
  title = {Ansys Workbench {\textbar} Simulation Integration Platform},
  url = {https://www.ansys.com/products/ansys-workbench},
  abstract = {Integrate your engineering simulations together in one space with the Ansys Workbench platform—a personal project manager that coordinates and transfers data across physics.},
  urldate = {2025-06-22},
  langid = {american}
}

@video{fluid_mechanics_101_cfd_2021,
  title = {[{CFD}] Inflation Layers / Prism Layers in {CFD}},
  url = {https://www.youtube.com/watch?v=1gSHN99I7L4},
  abstract = {An introduction to inflation layers / prism layers, which can be generated by the majority of unstructured mesh generators ({ICEM} {CFD}, {ANSA}, {ANSYS} Workbench, {SnappyHexMesh}). The following topics are covered:

1) 02:00 Why do we use inflation layers in {CFD}?},
  author = {{Fluid Mechanics 101}},
  urldate = {2025-06-22},
  date = {2021-06-24}
}

@video{ansys_learning_best_2023,
  title = {Best Practices for Mesh Generation — Lesson 2},
  url = {https://www.youtube.com/watch?v=nwrBYdHi64w},
  abstract = {In this video lesson, important meshing considerations such as quality, resolution in significant areas and cell type are discussed, and best practices for mesh generation are given.

For more details about the contents of this video, visit the lesson page here → https://courses.ansys.com/index.php/c...},
  author = {{Ansys Learning}},
  urldate = {2025-06-22},
  date = {2023-02-10}
}

@online{noauthor_openfoam_2024,
  title = {{OpenFOAM}},
  url = {https://www.openfoam.com/},
  abstract = {Official home of The Open Source Computational Fluid Dynamics ({CFD}) Toolbox},
  urldate = {2025-06-22},
  date = {2024-12-24},
  langid = {english}
}

@online{simflow_pimplefoam,
  author       = {{SimFlow CFD Software}},
  title        = {pimpleFoam – OpenFOAM Solver},
  year         = {n.d.},
  url          = {https://help.sim-flow.com/solvers/pimple-foam},
  urldate      = {2025-03-10},
  organization = {SimFlow}
}

@online{jayaraj2024openfoam,
  author       = {Jayaraj P, Harish},
  title        = {Lecture: Introduction to vortex shedding simulation using OpenFOAM},
  year         = {2024},
  url          = {https://www.udemy.com/course/openfoam-for-absolute-beginners/learn/lecture/44356412},
  urldate      = {2025-03-12},
  organization = {Udemy}
}

@article{shi2025vortex,
  author       = {Shi, Fulong and Ou, Chuanzhong and Xin, Jianjian and Li, Wenjie and Jin, Qiu and Tian, Yu and Zhang, Wen},
  title        = {Numerical Study on Hydrodynamic Performance and Vortex Dynamics of Multiple Cylinders Under Forced Vibration at Low Reynolds Number},
  journal      = {Journal of Marine Science and Engineering},
  year         = {2025},
  volume       = {13},
  number       = {2},
  pages        = {214},
  doi          = {10.3390/jmse13020214},
  url          = {https://www.mdpi.com/2077-1312/13/2/214},
  issn         = {2077-1312},
  urldate      = {2025-03-14}
}

@article{xu_experimental_2025,
  title = {An Experimental Study of the Unsteady Aerodynamics of a Static {DU}91-W2-150 Airfoil at Large Angles of Attack},
  volume = {28},
  rights = {© 2025 The Author(s). Wind Energy published by John Wiley \& Sons Ltd.},
  issn = {1099-1824},
  url = {https://onlinelibrary.wiley.com/doi/abs/10.1002/we.2974},
  doi = {10.1002/we.2974},
  pages = {e2974},
  number = {3},
  journaltitle = {Wind Energy},
  author = {Xu, Guanqun and Yu, Wei and Sciacchitano, Andrea and Simao Ferreira, Carlos},
  urldate = {2025-06-23},
  date = {2025},
  langid = {english}
}

@online{noauthor_transient_nodate,
  title = {Transient flow},
  url = {https://www.fluidmechanics.co.uk/hydraulic-calculations/transient-flow/},
  abstract = {Transient flow, is flow where the flow velocity and pressure are changing with time. ...},
  titleaddon = {Fluid Mechanics Ltd},
  urldate = {2025-06-23},
  langid = {british}
}

@online{noauthor_steady_nodate,
  title = {Steady State Flow - Fluid Flow Hydraulic and Pneumatic,},
  url = {https://www.engineersedge.com/fluid_flow/steady_state_flow.htm},
  urldate = {2025-06-23}
}

@online{noauthor_vortex_nodate,
  title = {Vortex Shedding in Water {\textbar} Harvard Natural Sciences Lecture Demonstrations},
  url = {https://sciencedemonstrations.fas.harvard.edu/presentations/vortex-shedding},
  abstract = {Water moving around a cylindrical object makes the cylinder swing at the vortex shedding frequency.},
  urldate = {2025-06-23},
  langid = {english}
}

@online{caminha_cfl_2017,
  title = {{CFL} Condition: How to Choose Your Timestep Size},
  url = {https://www.simscale.com/blog/cfl-condition/},
  shorttitle = {{CFL} Condition},
  abstract = {The {CFL} condition (Courant–Friedrichs–Lewy) is a condition for the stability of numerical methods...},
  titleaddon = {{SimScale}},
  author = {Caminha, Guilherme},
  urldate = {2025-07-13},
  date = {2017-08-29},
  langid = {american}
}

@video{codeynamics_prism_2024,
  title = {Prism Drag and Lift Calculation and Plotting {\textbar} Cd Cl {\textbar} {OpenFOAM} {CFD} {\textbar} {simpleFoam}},
  url = {https://www.youtube.com/watch?v=hOvGF1DUn8A},
  abstract = {Our Udemy course on {OpenFOAM} for Absolute Beginners...},
  author = {{Codeynamics}},
  urldate = {2025-07-13},
  date = {2024-01-21}
}

@online{noauthor_water_nodate,
  title = {Water - Dynamic and Kinematic Viscosity at Various Temperatures and Pressures},
  url = {https://www.engineeringtoolbox.com/water-dynamic-kinematic-viscosity-d_596.html},
  abstract = {Free online calculator - figures and tables with viscosity of water...},
  urldate = {2025-07-13},
  langid = {english}
}

@online{noauthor_relationship_nodate,
  title = {The Relationship Between Reynolds Number and Kinematic Viscosity},
  url = {https://resources.system-analysis.cadence.com/blog/msa2022-the-relationship-between-reynolds-number-and-kinematic-viscosity},
  abstract = {Learn more about the relationship between the Reynolds number and the kinematic viscosity in fluid flow problems.},
  urldate = {2025-07-14},
  langid = {american}
}

@online{alammar_wake_nodate,
  author       = {Ahmed Alammar},
  title        = {Wake of Bodies (Chapter 1)},
  year         = {n.d.},
  url          = {https://www.researchgate.net/profile/Ahmed-Alammar/.../wake+of+bodies+6248_chap01.pdf},
  urldate      = {2025-07-14}
}

@online{noauthor_windows_nodate,
  title = {Windows Subsystem for Linux ({WSL})},
  url = {https://ubuntu.com/desktop/wsl},
  abstract = {Access the Ubuntu terminal on Windows with {WSL}. Develop cross-platform applications and manage {IT} infrastructure without leaving Windows.},
  titleaddon = {Ubuntu},
  urldate = {2025-07-21},
  langid = {english}
}

@online{noauthor_paraview_nodate,
  title = {{ParaView} - Open-source, multi-platform data analysis and visualization application},
  url = {https://www.paraview.org/},
  abstract = {{ParaView} was developed to analyze extremely large datasets using distributed memory computing resources.},
  urldate = {2025-07-21},
  langid = {american}
}

@online{noauthor_python_2025,
  title = {Welcome to Python.org},
  url = {https://www.python.org/},
  abstract = {The official home of the Python Programming Language},
  titleaddon = {Python.org},
  urldate = {2025-07-21},
  date = {2025-07-16},
  langid = {english}
}

@online{noauthor_prusa_nodate,
  title = {Original Prusa {MINI}+ Halbmontiert {\textbar} Original Prusa 3D-Drucker direkt von Josef Prusa},
  url = {https://www.prusa3d.com/de/produkt/original-prusa-mini-halbmontiert-4/},
  abstract = {Der Original Prusa {MINI}+ ist ein großer Drucker in einem kompakten Gehäuse...},
  titleaddon = {Prusa3D by Josef Prusa},
  urldate = {2025-07-22},
  langid = {ger}
}

@online{noauthor_freecad_nodate,
  title = {{FreeCAD}: Ihr parametrischer 3D-Modellierer},
  url = {https://www.freecad.org/index.php?lang=de},
  shorttitle = {{FreeCAD}},
  abstract = {{FreeCAD}, the open source 3D parametric modeler},
  urldate = {2025-07-22},
  langid = {german}
}

@article{ibrahim_peminggiran_nodate,
  title = {Peminggiran sosial dalam kalangan warga emas: Intervensi ke arah penuaan sihat},
  year = {2022},
  url = {https://core.ac.uk/outputs/42956006/?utm_source=pdf&utm_medium=banner&utm_campaign=pdf-decoration-v1},
  shorttitle = {Peminggiran sosial dalam kalangan warga emas},
  author = {Ibrahim, Nabisah},
  urldate = {2025-07-22}
}

@inproceedings{goncalves1999strouhal,
  author    = {Gon\c{c}alves, Herbert C. and Del Rio Vieira, Edson},
  title     = {Strouhal Number Determination for Several Regular Polygon Cylinders for Reynolds Number up to 600},
  booktitle = {Proceedings of the 15th Brazilian Congress of Mechanical Engineering (COBEM 1999)},
  year      = {1999},
  address   = {Ilha Solteira, SP, Brazil},
  publisher = {Universidade Estadual Paulista, Faculdade de Engenharia de Ilha Solteira},
  url       = {https://www.abcm.org.br/anais/cobem/1999/pdf/AACFFE.pdf},
  urldate   = {2025-07-22}
}

@online{noauthor_lnicez_nodate,
  title = {Lnicez Schmutzwasser-Tauchpumpe(75 W, Ø19 mm,3.000L/H)},
  url = {https://www.amazon.de/dp/B0987LCYMK?ref=ppx_yo2ov_dt_b_fed_asin_title&th=1},
  urldate = {2025-07-22}
}

@online{noauthor_prusaslicer_nodate,
  title = {{PrusaSlicer} {\textbar} Original Prusa 3D-Drucker direkt von Josef Prusa},
  url = {https://www.prusa3d.com/de/page/prusaslicer_424/},
  titleaddon = {Prusa3D by Josef Prusa},
  urldate = {2025-07-22},
  langid = {ger}
}

@unpublished{city7565,
  title = {Computational modelling of vortex shedding flows},
  school = {City University London},
  month = {July},
  year = {1998},
  author = {Przulj, V.},
  url = {https://openaccess.city.ac.uk/id/eprint/7565/},
  urldate = {2025-07-25}
}

@online{noauthor_pimplefoam_nodate,
  title = {{pimpleFoam} - {OpenFOAM} Solver - {SimFlow} {CFD} Software},
  url = {https://help.sim-flow.com/solvers/pimple-foam},
  urldate = {2025-07-27}
}

